@inproceedings{pmbok2004guia,
  title={Um guia do conjunto de conhecimentos em gerenciamento de projetos},
  author={PMBOK, GUIA},
  booktitle={Project Management Institute},
  year={2004}
}

@online{blogtek,
  author = {MultiMedia LLC},
  title = {{MS Windows NT} Kernel Description},
  year = 1999,
  url = {http://web.archive.org/web/20080207010024/http://www.808multimedia.com/winnt/kernel.htm},
  urldate = {2010-09-30}
}