@inproceedings{pmbok2004guia,
  title={Um guia do conjunto de conhecimentos em gerenciamento de projetos},
  author={PMBOK, GUIA},
  booktitle={Um Guia do Conhecimento em Gerenciamento de Projetos},
  year={2009}
}

@online{blogtek,
  author = {MultiMedia LLC},
  title = {WhatIf - ferramenta para identificação de riscos},
  year = 2014,
  url = {https://blogtek.com.br/what-if-ferramenta-identificacao-riscos/},
  urldate = {2014-02-09}
}

@online{easybok,
  author = {EasyBOK Learning System},
  title = {WhatIf - ferramenta para identificação de riscos},
  year = 2017,
  url = {http://www.easybok.com.br/downloads/categorias/11-riscos/},
  urldate = {2018-03-26}
}

@online{qualidadesimples,
  author = {EasyBOK Learning System},
  title = {6 melhores ferramentas de gestão e análise de risco},
  year = 2016,
  url = {http://blog.qualidadesimples.com.br/2016/06/06/6-melhores-ferramentas-de-gestao-e-analise-de -risco/},
  urldate = {2016-06-06}
}

@online{hacksterDamian,
  author = {Damien Harman},
  title = {Mini CNC 3D Printed PCB Creator},
  year = 2017,
  url = {https://www.hackster.io/DamienHarman/mini-cnc-3d-printed-pcb-creator-47af42?ref=tag&ref_id=cnc&offset=14},
  urldate = {2016-07-17}
}

@online{hacksterArduino,
  author = {Arduino Member Blog},
  title = {CNC Part Picking Machine},
  year = 2018,
  url = {https://www.hackster.io/gatoninja236/cnc-part-picking-machine-744ea2?ref=tag&ref_id=cnc&offset=18},
  urldate = {2016-01-27}
}

@online{preciousplastic,
  author = {Dave Hakkens},
  title = {Shredder machine},
  year = 2017,
  url = {https://preciousplastic.com/en/videos/build/shredder.html},
  urldate = {2016-01-27}
}

@online{ecycle,
  author = {Equipe eCycle},
  title = {Poluição plástica nos mares: problemas para a fauna e para o ser humano},
  year = 2017,
  url = {https://www.ecycle.com.br/component/content/article/38-no-mundo/2092-poluicao-plastica-nos-mares-problemas-para-a-fauna-e-para-o-ser-humano.html},
  urldate = {2018-03-26}
}

@online{oglobo,
  author = {BBC},
  title = {Cinco gráficos que explicam como a poluição por plástico ameaça a vida na Terra},
  year = 2017,
  url = {https://g1.globo.com/natureza/noticia/cinco-graficos-que-explicam-como-a-poluicao-por-plastico-ameaca-a-vida-na-terra.ghtml},
  urldate = {2017-12-16}
}

@online{culturamix,
  author = {O site},
  title = {Lixo Plástico: Sacolas Plásticas e Garrafas PET São os Maiores Vilões da Natureza},
  year = 2011,
  url = {http://meioambiente.culturamix.com/poluicao/lixo-plastico-sacolas-plasticas-e-garrafas-pet-sao-os-maiores-viloes-da-natureza},
  urldate = {2011-12-16}
}

@online{mercadolivre1,
  author = {Mercado Livre},
  title = {Motor Elétrico},
  year = 2018,
  url = {https://lista.mercadolivre.com.br/ferramentas-e-construcao/energia-eletrica/motores-eletricos/motor-eletrico-alta-rotacao-3},
  urldate = {2018-03-26}
}

@online{mercadolivre2,
  author = {Mercado Livre},
  title = {Redutor},
  year = 2018,
  url = {https://lista.mercadolivre.com.br/},
  urldate = {2018-03-26}
}

@online{mercadolivre3,
  author = {Mercado Livre},
  title = {Térmico},
  year = 2018,
  url = {https://produto.mercadolivre.com.br/MLB-761819035-rele-termico-schneider-lrd12-55-8a-\_JM},
  urldate = {2018-03-26}
}

@online{mercadolivre4,
  author = {Mercado Livre},
  title = {Disjuntor},
  year = 2018,
  url = {https://produto.mercadolivre.com.br/MLB-802192744-disjuntor-soprano-bipolar-2-polos-curva-c-32a-branco-\_JM},
  urldate = {2018-03-26}
}

@online{raspberryPi,
  author = {Raspberrypi Org},
  title = {Raspberrypi},
  year = 2017,
  url = {https://www.raspberrypi.org/products/raspberry-pi-3-model-b/},
  urldate = {2017-11-01}
}

@online{kalatec,
  author = {KALATEC},
  title = {Motor de Passo},
  year = 2016,
  url = {http://www.kalatec.com.br/motoresdepasso/motor-de-passo},
  urldate = {2018-05-10}
}

@online{tecnicasSensoriamento,
  author = {UFSC},
  title = {Tecnicas de Sensoriamento},
  year = 2016,
  url = {http://s2i.das.ufsc.br/seminarios/apresentacoes/tecnicas-sensoreamento.pdf},
  urldate = {2018-05-10}
}

@online{sensorCapacitivoImagem,
  author = {Prof Colassante},
  title = {Sensor Capacitivo},
  year = 2015,
  url = {http://profcolassante.blogspot.com.br/2015/06/sensores-capacitivos-e-indutivos.html},
  urldate = {2018-05-10}
}

@online{sensorCapacitivo,
  author = {Meca Web},
  title = {Sensor Capacitivo},
  year = 2016,
  url = {http://www.mecaweb.com.br/eletronica/content/e-sensor-capacitivo},
  urldate = {2018-05-10}
}

@online{celulaCarga,
  author = {IWM Brasil},
  title = {Celula de Carga},
  year = 2018,
  url = {http://www.iwm-brasil.com.br/spl-celula-de-carga-tipo-single-point/},
  urldate = {2018-05-10}
}

@online{extensometria,
  author = {EECIS},
  title = {Extensometria},
  year = 2018,
  url = {https://www.eecis.udel.edu/~portnoi/academic/academic-files/extensometria.html},
  urldate = {2018-05-10}
}

@online{ponteWheatstone,
  author = {Embarcados},
  title = {Ponte de Wheatstone},
  year = 2018,
  url = {http://www.embarcados.com.br/ponte-de-wheatstone/},
  urldate = {2018-05-10}
}

@online{interfacePonte,
  author = {Sparkfun},
  title = {Interface Serial},
  year = 2018,
  url = {https://cdn.sparkfun.com/datasheets/Sensors/ForceFlex/hx711-english.pdf},
  urldate = {2018-05-10}
}

@online{sensoresOpticos,
  author = {City Systems},
  title = {Sensores Opticos},
  year = 2018,
  url = {https://www.citisystems.com.br/sensores-opticos/},
  urldate = {2018-05-10}
}

@online{sensorReflexivo,
  author = {TdTec},
  title = {Sensores Reflexivo},
  year = 2018,
  url = {https://www.tdtec.com.br/produto/sensor-de-obstaculo-infravermelho-reflexao-lm393-arduino/413346},
  urldate = {2018-05-10}
}

@online{microESP,
  author = {Espressif},
  title = {Microcontrolador ESP8266},
  year = 2018,
  url = {https://www.espressif.com/sites/default/files/documentation/0a-esp8266ex-datasheet-en.pdf},
  urldate = {2018-05-10}
}

@online{recicletool,
  author = {UOL},
  title = {Recicletool},
  year = 2015,
  url = {http://blogs.ne10.uol.com.br/mundobit/2015/08/11/maquina-de-reciclagem-da-dinheiro-a-usuario-como-recompensa/},
  urldate = {2018-04-15}
}

@online{pugedon,
  author = {Estadao},
  title = {Pugedon},
  year = 2014,
  url = {http://economia.estadao.com.br/blogs/retratos-da-economia/embalagens-por-racao/},
  urldate = {2018-04-15}
}

@online{retornaMachine,
  author = {Medium},
  title = {Retorna Machine},
  year = 2016,
  url = {https://medium.com/@spcidadegentil/m%C3%A1quina-de-reciclagem-gera-desconto-no-supermercado-1b883e714118},
  urldate = {2018-04-15}
}